/home/zilka/docs/phd/mybib.bib